<record><leader>00000cas a22000007a 4500</leader><controlfield tag="001">18097067</controlfield><controlfield tag="008">880616d19431952nyuwr ne      0    0eng d</controlfield><datafield ind1=" " ind2=" " tag="010"><subfield code="a">sn 88074508 </subfield></datafield><datafield ind1=" " ind2=" " tag="040"><subfield code="a">NYS</subfield><subfield code="b">eng</subfield><subfield code="c">NYS</subfield><subfield code="d">OCLCQ</subfield></datafield><datafield ind1=" " ind2=" " tag="042"><subfield code="a">msc</subfield></datafield><datafield ind1="0" ind2="0" tag="245"><subfield code="a">Shortsville enterprise and ... the Manchester enterprise.</subfield></datafield><datafield ind1="1" ind2="7" tag="246"><subfield code="a">Shortsville-Manchester enterprise</subfield></datafield><datafield ind1=" " ind2=" " tag="260"><subfield code="a">Shortsville, N.Y. :</subfield><subfield code="b">Enterprise Press,</subfield><subfield code="c">1943-1952.</subfield></datafield><datafield ind1=" " ind2=" " tag="300"><subfield code="a">v.</subfield></datafield><datafield ind1=" " ind2=" " tag="310"><subfield code="a">Weekly</subfield></datafield><datafield ind1="0" ind2=" " tag="362"><subfield code="a">61st Year, 21st issue (May 26, 1943)-v. 70, no. 1 (Jan. 3, 1952).</subfield></datafield><datafield ind1=" " ind2="4" tag="651"><subfield code="a">Shortsville (N.Y.)</subfield><subfield code="v">Newspapers.</subfield></datafield><datafield ind1=" " ind2=" " tag="752"><subfield code="a">United States</subfield><subfield code="b">New York</subfield><subfield code="c">Ontario</subfield><subfield code="d">Shortsville.</subfield></datafield><datafield ind1="0" ind2="4" tag="780"><subfield code="t">Shortsville enterprise</subfield><subfield code="w">(DLC)sn 85042883</subfield></datafield><datafield ind1="0" ind2="4" tag="780"><subfield code="t">Manchester enterprise (Shortsville, N.Y.)</subfield><subfield code="w">(DLC)sn 88074655</subfield><subfield code="w">(OCoLC)18270784</subfield></datafield><datafield ind1="0" ind2="0" tag="785"><subfield code="t">Shortsville and Manchester enterprise</subfield><subfield code="w">(DLC)sn 88074509</subfield></datafield><datafield ind1="1" ind2=" " tag="029"><subfield code="a">AU@</subfield><subfield code="b">000020517465</subfield></datafield></record>